

@article{Dansong,
	Author = {Dansong Z.},
	Journal = {Communication of the ACM},
	Title = {Can e-learning replace classroom learning?},
    Year = {2004},
    volume  = {47},
    number  = {5},
    pages   = {75--79}
}

@article{Collins,
	Author = {Collins, R., Lipton, A., Kanade, T., Fijiyoshi, H., etc.},
	Journal = {Tech. rep., Carnegie Mellon University},
	Title = {A system for video surveillance and monitoring},
    Year = {2000},
}

@article{Pooja,
	Author = {Pooja Sharma, Gurpreet Singh, Amandeep Kaur},
	Journal = {International Journal of Engineering Research and Applications (IJERA)},
	Title = {Different Techniques Of Edge Detection In Digital Image Processing},
    Year = {2013},
    volume  = {3},
    number  = {3},
    pages   = {458--461}
}

@article{John,
	Author = {John Canny},
	Publisher = {IEEE},
	Journal = {Analysis and Machine Intelligence},
	Title = {A Computational Approach to Edge Detection},
    Year = {1986},
    volume  = {8},
    number  = {1},
    pages   = {679--697}
}


@article{Seif,
	Author = {Seif, A},
	Journal = {Sustainable Utilization and Development in Engineering and Technology},
	Title = {A hardware architecture of Prewitt edge detection},
    Year = {2010},
    volume  = {8},
    number  = {1},
    pages   = {99--101}
}


@article{Thomas,
	Author = {Thomas H. Cormen, Charles E. Leiserson, Ronald L. Rivest, and Clifford Stein},
	Journal = {Introduction to Algorithms},
	Title = {Depth-first search},
    Year = {2001},
    pages   = {540–-549}
}

@article{Roberts,
	Author = {L. G. Roberts},
	Journal = {Optical and Electro-Optical Information Processing},
	Title = {Machine perception of 3-D solids},
    Year = {1965 },
}


@article{Edith,
	Author = {Edith Manny-Ikan, Osnat Dagan},
	Journal = {Interdisciplinary Journal of E-Learning and Learning Objects},
	Title = {Using the Interactive White Board in Teaching and Learning – An Evaluation of the SMART CLASSROOM Pilot Project},
    Year = {2011},
    volume  = {7},
}


@article{Ruchika,
	Author = {Ruchika Chandel, Gaurav Gupta},
	Journal = {International Journal of Advanced Research in Computer Science and Software Engineering},
	Title = {Image Filtering Algorithms and Techniques: A Review},
    Year = {2013},
    volume  = {3},
}


@article{Jayanta,
	Author = {Y. Jayanta Singh, Shalu Gupta},
	Journal = {The International Journal of Multimedia & Its Applications },
	Title = {A Computational Approach to Edge Detection},
    Year = {2013},
    volume  = {5},
    number  = {3},
}

@article{Vincent,
	Author = {O.R. Vincent, and R. Woods},
	Journal = {Proceeding of information science and IT education},
	Title = {A Descriptive algorithm for sobel image edge detection},
    Year = {2009},
}


@article{Huertas,
	Author = {Huertas, A. and Medioni, G},
	Journal = {IEEE Trans. On Pattern Analysis and Machine Intelligence, PAMI},
	Title = {Detection of intensity changes with sub pixel accuracy using Laplacian-Gaussian masks},
    Year = {1986},
    volume  = {8},
    pages   = {651–-664}
}


@article{Argyle,
	Author = {E. Argyle},
	Title = {Techniques for edge detection},
    Year = {1971},
    volume  = {59},
    pages   = {285--286}
}


@article{Lienhart,
	Author = {R. Lienhart and J. Maydt},
	Journal = {In Image Processing},
	Title = {An extended set of haar-like features for rapid object detection},
    Year = {2002},
}

@article{Hendeby,
	Author = {G. Hendeby, J. Hol, R. Karlsson, and F. Gustafsson},
	Journal = {Measurement},
	Title = {A graphics processing unit implementation of the particle filter},
    Year = {2007},
    volume  = {1},
    number  = {1},
}

@article{Li,
	Author = {Li, X., Hu, W. & Zhang, Z},
	Journal = {IEEE International Conference on Image Processing},
	Title = {Corner Detection of Contour Images using Spectral Clustering},
    Year = {2007},
}


@article{Pappas,
	Author = {Pappas C.},
	Title = {Top 10 e-Learning Statistics for 2014 You Need To Know},
    Year = {2015},
}


@article{Cheung,
	Author = {Cheung, S., Kamath, C},
	Journal = {Electronic Imaging: Video Communications and Image Processing },
	Title = {Robust techniques for background subtraction in urban traffic video},
    Year = {2004},
    volume  = {5308},
    number  = {1},
    pages   = {881–-892}
}

@article{Raman,
	Author = {
	Raman Maini & Dr. Himanshu Aggarwal
	},
	Journal = {
	International Journal of Image Processing (IJIP)
	},
	Title = {
	Study and Comparison of Various Image Edge Detection Techniques
	},
    Year = {2004},
    volume  = {3},
    number  = {1},
}

@article{Zhengyou,
	Author = {
	Zhengyou Zhang
	},
	Journal = {
	Projectors and Cameras
	},
	Title = {
	Computer Vision Technologies for Remote Collaboration Using Physical Whiteboards
	},
    Year = {2006},
}


@article{Marr,
	Author = {
	Raman Maini & Dr. Himanshu Aggarwal
	},
	Journal = {
	Proceedings of the Royal Society of London. Series B, Biological Sciences
	},
	Title = {
	Theory of Edge Detection
	},
    Year = {1980},
    volume  = {207},
    number  = {1167},
    pages   = {187--217}
}

@article{Heath,
	Author = {
	M. Heath, S. Sarkar, T. Sanocki, and K.W. Bowyer
	},
	Journal = {
	Computer Vision and Image Understanding
	},
	Title = {
	Comparison of Edge Detectors: A Methodology and Initial Study 
	},
    Year = {1998},
    volume  = {69},
    number  = {1},
    pages   = {38--54}
}

@article{Gonzalez,
	Author = {
	30.	R. C. Gonzalez and R. E. Woods
	},
	Journal = {
	Prentice Hall
	},
	Title = {
	Digital Image Processing 
	},
    Year = {2002},
}

@article{Dzung,
	Author = {
	Dzung T. Hoang, Philip M. Long, and Jeffrey Scott Vitter
	},
	Title = {
	Fellow Efficient Cost Measures for Motion Estimation at Low Bit Rates 
	},
    Year = {1998},
}


@article{Chen,
	Author = {
	John C.-H. Ju, Yen-Kuang Chen, and S. Y. Kung A 
	},
	Journal = {
	Low-Bit-Rate Video Coding
	},
	Title = {
	A Fast Rate-Optimized Motion Estimation Algorithm 
	},
    Year = {1999},
}


@article{Pilet,
	Author = {
	J. Pilet, C. Strecha, and P. Fua
	},
	Journal = {
	Proceedings of the European Conference on Computer Vision
	},
	Title = {
	Making background subtraction robust to sudden illumination changes 
	},
    Year = {2008},
    pages   = {567--580}
}


@article{Neri,
	Author = {
	A. Neri, S. Colonnese, G. Russo, and P. Talone
	},
	Journal = {
	Signal Processing
	},
	Title = {
	Automatic moving object and background separation 
	},
    Year = {1998},
    volume  = {66},
    number  = {2},
    pages   = {219--232}
}



@article{Cucchiara,
	Author = {
	Cucchiara R, Grana C, Piccardi M, et al
	},
	Journal = {
	Intelligent Transportation Systems
	},
	Title = {
	Improving shadow suppression in moving object detection with HSV color information 
	},
    Year = {2001},
    pages   = {334--339}
}


@article{Dalal,
	Author = {
	N. Dalal i B. Triggs.
	},
	Journal = {
	Computer Vision and Pattern Recognition
	},
	Title = {
	Histograms of oriented gradients for human detection
	},
    Year = {2005},
}

@article{Yu,
	Author = {
	Yu, Hui, Liu, Honghai, Dong, Junyu and Pham, Tuan
	},
	Journal = {
	Multimedia Tools and Applications. ISSN 1380-7501
	},
	Title = {
	dvanced understanding and modelling of human motion in multidimensional spaces
	},
    Year = {2016},
}


@article{Lin,
	Author = {
	Lin, E. T.; Podilchuk, C.; Kalker, T. & Delp, E. J. 
	},
	Journal = {
	Electronic Imaging 
	},
	Title = {
	Streaming video and rate scalable compression: what are the challenges for watermarking?
	},
    Year = {2004},
    volume  = {13 },
    number  = {1},
    pages   = {198--208}
}

